@article{arias2008searching,
  title={Searching for a trail of evidence in a maze},
  author={Arias-Castro, Ery and Candes, Emmanuel J and Helgason, Hannes and Zeitouni, Ofer},
  year={2008}
}

@article{addario2010combinatorial,
  title={On combinatorial testing problems},
  author={Addario-Berry, Louigi and Broutin, Nicolas and Devroye, Luc and Lugosi, G{\'a}bor},
  year={2010}
}

@article{arias2011detection,
  title={Detection of an anomalous cluster in a network},
  author={Arias-Castro, Ery and Candes, Emmanuel J and Durand, Arnaud},
  journal={The Annals of Statistics},
  pages={278--304},
  year={2011},
  publisher={JSTOR}
}